<?xml version="1.0" encoding="UTF-8"?><record xmlns="http://www.loc.gov/MARC21/slim" xmlns:cinclude="http://apache.org/cocoon/include/1.0" xmlns:zs="http://www.loc.gov/zing/srw/">
  <leader>00441nz  a2200133n  4500</leader>
  <controlfield tag="001">nr 94031418 </controlfield>
  <controlfield tag="003">DLC</controlfield>
  <controlfield tag="005">19940924062556.5</controlfield>
  <controlfield tag="008">940922n| acannaab|          |n aaa     c</controlfield>
  <datafield tag="010" ind1=" " ind2=" ">
    <subfield code="a">nr 94031418 </subfield>
  </datafield>
  <datafield tag="040" ind1=" " ind2=" ">
    <subfield code="a">NjP</subfield>
    <subfield code="c">NjP</subfield>
  </datafield>
  <datafield tag="100" ind1="1" ind2="0">
    <subfield code="a">Schröder, Peter,</subfield>
    <subfield code="d">1960-</subfield>
  </datafield>
  <datafield tag="670" ind1=" " ind2=" ">
    <subfield code="a">Wavelet algorithms for illumination computations, 1994:</subfield>
    <subfield code="b">t.p. (Peter Schröder)</subfield>
  </datafield>
  <datafield tag="670" ind1=" " ind2=" ">
    <subfield code="a">Info. from Princeton University Archives, 8-31-94</subfield>
    <subfield code="b">(Schröder, Peter, b. 3-30-60)</subfield>
  </datafield>
</record>